75600000         219580028000173              4693000303500000001109073 HBR BRASIL INDUNSTRIA EXPORTACSICOOB                                  1150920160853453     08100000                                                                     
75600011R01  040 2019580028000173              4693000303500000001109073 HBR BRASIL INDUNSTRIA EXPORTAC                                                                                3       1509201600000000                                 
7560001300001P 010303500000001109073 000001018801014     10 22R000322-1      2809201600000000002469300000 02A15092016128092016000000000000016000000000000000000000000000000000000000000000000000000R000322-1                1100   090000000000 
7560001300002Q 012018020627000170Noroeste Lubrificantes LTDA - EPP       Rua Capim Branco 18                     Barroca        38610000Unai           MG0000000000000000                                        000                            
7560001300003R 01000000000000000000000000000000000000000000000000128092016000000000000494                                                                                                              0000000000000000 000000000000  0         
7560001300004S 01100                                                                                                                                                                                                                            
7560001300005P 010303500000001109073 000001019501014     10 22R000324-1      2909201600000000008210900000 02A15092016129092016000000000000055000000000000000000000000000000000000000000000000000000R000324-1                1100   090000000000 
7560001300006Q 012003528519000135GK Pneus e Servicos LTDA                Avenida Maestro Joao Luiz do Espirito   Formosinha     73813120Formosa        GO0000000000000000                                        000                            
7560001300007R 01000000000000000000000000000000000000000000000000129092016000000000001642                                                                                                              0000000000000000 000000000000  0         
7560001300008S 01100                                                                                                                                                                                                                            
75600015         00001000000200000000000106802000000000000000000000000000000000000000000000000000000000000000000000                                                                                                                             
75699999         000001000012000000                                                                                                                                                                                                             
